<record><leader>00000cas a2200000 a 4500</leader><controlfield tag="001">9554769</controlfield><controlfield tag="008">830527d18741919iauwr ne      0    0ger d</controlfield><datafield ind1=" " ind2=" " tag="010"><subfield code="a">sn 83045650 </subfield></datafield><datafield ind1=" " ind2=" " tag="040"><subfield code="a">CRL</subfield><subfield code="b">eng</subfield><subfield code="c">CRL</subfield><subfield code="d">NPW</subfield><subfield code="d">INP</subfield><subfield code="d">NVG</subfield><subfield code="d">CRL</subfield><subfield code="d">OCL</subfield><subfield code="d">OCLCQ</subfield><subfield code="d">OCLCF</subfield><subfield code="d">OCLCO</subfield></datafield><datafield ind1="1" ind2=" " tag="029"><subfield code="a">AU@</subfield><subfield code="b">000025816583</subfield></datafield><datafield ind1=" " ind2=" " tag="042"><subfield code="a">msc</subfield></datafield><datafield ind1=" " ind2=" " tag="043"><subfield code="a">n-us-ia</subfield></datafield><datafield ind1="0" ind2=" " tag="130"><subfield code="a">Freie Presse (Council Bluffs, Iowa)</subfield></datafield><datafield ind1="1" ind2="0" tag="245"><subfield code="a">Freie Presse.</subfield></datafield><datafield ind1=" " ind2=" " tag="260"><subfield code="a">Council Bluffs, Iowa :</subfield><subfield code="b">[s.n.,</subfield><subfield code="c">-1919]</subfield></datafield><datafield ind1=" " ind2=" " tag="300"><subfield code="a">v. :</subfield><subfield code="b">ill.</subfield></datafield><datafield ind1=" " ind2=" " tag="310"><subfield code="a">Weekly</subfield></datafield><datafield ind1="1" ind2=" " tag="362"><subfield code="a">Began in 1874.</subfield><subfield code="z">Cf. Gregory.</subfield></datafield><datafield ind1="0" ind2=" " tag="362"><subfield code="a">-26. Dez. 1919.</subfield></datafield><datafield ind1=" " ind2=" " tag="500"><subfield code="a">Also available on microfilm from Center for Research Libraries.</subfield></datafield><datafield ind1=" " ind2=" " tag="546"><subfield code="a">In German.</subfield></datafield><datafield ind1=" " ind2=" " tag="580"><subfield code="a">Merged with: Wo&#776;chentliche Omaha Tribu&#776;ne, to form: Council Bluffs freie Presse und wo&#776;chentliche Omaha Tribu&#776;ne.</subfield></datafield><datafield ind1=" " ind2=" " tag="588"><subfield code="a">Description based on: 27. Juli 1917.</subfield></datafield><datafield ind1=" " ind2="0" tag="650"><subfield code="a">German Americans</subfield><subfield code="z">Iowa</subfield><subfield code="v">Newspapers.</subfield></datafield><datafield ind1=" " ind2="0" tag="651"><subfield code="a">Council Bluffs (Iowa)</subfield><subfield code="v">Newspapers.</subfield></datafield><datafield ind1=" " ind2="7" tag="655"><subfield code="a">Newspapers.</subfield><subfield code="2">fast</subfield><subfield code="0">(OCoLC)fst01423814</subfield></datafield><datafield ind1=" " ind2="7" tag="650"><subfield code="a">German Americans.</subfield><subfield code="2">fast</subfield><subfield code="0">(OCoLC)fst00941308</subfield></datafield><datafield ind1=" " ind2="7" tag="651"><subfield code="a">Iowa.</subfield><subfield code="2">fast</subfield><subfield code="0">(OCoLC)fst01205835</subfield></datafield><datafield ind1=" " ind2="7" tag="651"><subfield code="a">Iowa</subfield><subfield code="z">Council Bluffs.</subfield><subfield code="2">fast</subfield><subfield code="0">(OCoLC)fst01224198</subfield></datafield><datafield ind1=" " ind2=" " tag="752"><subfield code="a">United States</subfield><subfield code="b">Iowa</subfield><subfield code="c">Pottawattamie</subfield><subfield code="d">Council Bluffs.</subfield></datafield><datafield ind1="1" ind2="7" tag="785"><subfield code="t">Wo&#776;chentliche Omaha Tribu&#776;ne</subfield></datafield><datafield ind1="1" ind2="7" tag="785"><subfield code="t">Council Bluffs freie Presse und wo&#776;chentliche Omaha Tribu&#776;ne</subfield><subfield code="w">(DLC)sn 83045606</subfield><subfield code="w">(OCoLC)9531215</subfield></datafield></record>